<record xmlns="http://www.loc.gov/MARC21/slim" xmlns:xsi="http://www.w3.org/2001/XMLSchema-instance" xsi:schemaLocation="http://www.loc.gov/MARC21/slim http://www.loc.gov/standards/marcxml/schema/MARC21slim.xsd"><leader>02434nam a2200409   4500</leader><controlfield tag="001">3063331</controlfield><controlfield tag="003">NNC</controlfield><controlfield tag="006">m        d        </controlfield><controlfield tag="007">cr cn |||m|||a</controlfield><controlfield tag="008">150223s1948    sy h    o     000 0 ara d</controlfield><datafield ind1=" " ind2=" " tag="040"><subfield code="a">NNU</subfield><subfield code="b">eng</subfield><subfield code="c">NNU</subfield></datafield><datafield ind1="1" ind2=" " tag="100"><subfield code="6">880-01</subfield><subfield code="a">Abu&#772;-al-Qa&#772;sim al-Husain ibn &#699;Ali&#772; al-Wazi&#772;r al- Maghribi&#772;,</subfield><subfield code="d">981-1027.</subfield></datafield><datafield ind1="1" ind2="0" tag="245"><subfield code="6">880-02</subfield><subfield code="a">Kita&#772;b fi&#772; al-Siya&#772;sah</subfield><subfield code="h">[electronic resource] /</subfield><subfield code="c">ta&#700;li&#772;f al-wazi&#772;r al-ka&#772;mil Abi&#772; al-Qa&#772;sim al-H&#803;usayn ibn &#699;Ali&#772; al-Maghribi&#772; ; &#699;uniya bi-nashrih wa-tah&#803;qi&#772;qih wa-ta&#699;li&#772;q h&#803;awa&#772;shih Sa&#772;mi&#772; al-Dahha&#772;n.</subfield></datafield><datafield ind1="1" ind2=" " tag="246"><subfield code="6">880-03</subfield><subfield code="i">At head of title:</subfield><subfield code="a">al-Ma&#699;had al-Firansi&#772; bi-Dimashq lil-Dira&#772;sa&#772;t al-&#699;Arabi&#772;yah</subfield></datafield><datafield ind1=" " ind2=" " tag="260"><subfield code="6">880-04</subfield><subfield code="a">Dimashq :</subfield><subfield code="c">1367, 1948.</subfield></datafield><datafield ind1=" " ind2=" " tag="300"><subfield code="a">online resource (140 p.) :</subfield><subfield code="b">facsims.</subfield></datafield><datafield ind1=" " ind2=" " tag="500"><subfield code="a">Added t.p. in French: Sami Dahan. De l'e&#769;thique, par al-Wazir Abu&#772;-l-Qasim al-Maghribi.</subfield></datafield><datafield ind1=" " ind2=" " tag="500"><subfield code="a">Part of the Arabic Collections Online (ACO) project, contributed by Columbia University Libraries.</subfield></datafield><datafield ind1=" " ind2=" " tag="504"><subfield code="a">Includes bibliographical references (p. 131-136) and indexes.</subfield></datafield><datafield ind1=" " ind2=" " tag="533"><subfield code="a">Electronic reproduction.</subfield><subfield code="b">New York, N.Y. :</subfield><subfield code="c">New York University,</subfield><subfield code="d">2015.</subfield><subfield code="5">NNU</subfield></datafield><datafield ind1=" " ind2="0" tag="650"><subfield code="a">Islam and state.</subfield></datafield><datafield ind1=" " ind2="0" tag="650"><subfield code="a">Islam and politics.</subfield></datafield><datafield ind1=" " ind2="0" tag="650"><subfield code="a">Political science.</subfield></datafield><datafield ind1=" " ind2="7" tag="650"><subfield code="a">Islam and politics.</subfield><subfield code="2">fast</subfield><subfield code="0">(OCoLC)fst00979879</subfield></datafield><datafield ind1=" " ind2="7" tag="650"><subfield code="a">Islam and state.</subfield><subfield code="2">fast</subfield><subfield code="0">(OCoLC)fst00979890</subfield></datafield><datafield ind1=" " ind2="7" tag="650"><subfield code="a">Political science.</subfield><subfield code="2">fast</subfield><subfield code="0">(OCoLC)fst01069781</subfield></datafield><datafield ind1="2" ind2=" " tag="710"><subfield code="a">Columbia University.</subfield><subfield code="b">Libraries.</subfield></datafield><datafield ind1="0" ind2=" " tag="730"><subfield code="a">Texte arable.</subfield></datafield><datafield ind1="0" ind2=" " tag="730"><subfield code="a">Arabic Collections Online.</subfield></datafield><datafield ind1="0" ind2="8" tag="776"><subfield code="i">Print version:</subfield><subfield code="a">Abu&#772;-al-Qa&#772;sim al-Husain ibn &#699;Ali&#772; al-Wazi&#772;r al- Maghribi&#772;, 981-1027.</subfield><subfield code="t">Kita&#772;b fi&#772; al-Siya&#772;sah</subfield><subfield code="w">(NNC)3063331</subfield><subfield code="w">(DLC)  90964332 </subfield><subfield code="w">(OCoLC)47758161</subfield></datafield><datafield ind1="4" ind2="0" tag="856"><subfield code="u">http://hdl.handle.net/2333.1/9kd51dzt</subfield></datafield><datafield ind1="1" ind2=" " tag="880"><subfield code="6">100-01</subfield><subfield code="a">&#1575;&#1576;&#1608;&#1575;&#1604;&#1602;&#1575;&#1587;&#1605; &#1575;&#1604;&#1607;&#1587;&#1606; &#1576;&#1606; &#1593;&#1604;&#1610; &#1575;&#1604;&#1608;&#1586;&#1610;&#1585; &#1575;&#1604; &#1605;&#1594;&#1585;&#1576;&#1610;&#1548;</subfield><subfield code="d">981-1027.</subfield></datafield><datafield ind1="1" ind2="0" tag="880"><subfield code="6">245-02</subfield><subfield code="a">&#1603;&#1578;&#1575;&#1576; &#1601;&#1610; &#1575;&#1604;&#1587;&#1610;&#1575;&#1587;&#1577; /</subfield><subfield code="c">&#1578;&#1571;&#1604;&#1610;&#1601; &#1575;&#1604;&#1608;&#1586;&#1610;&#1585; &#1575;&#1604;&#1603;&#1575;&#1605;&#1604; &#1575;&#1576;&#1610; &#1575;&#1604;&#1602;&#1575;&#1587;&#1605; &#1575;&#1604;&#1581;&#1587;&#1610;&#1606; &#1576;&#1606; &#1593;&#1604;&#1610; &#1575;&#1604;&#1605;&#1594;&#1585;&#1576;&#1610; &#1563; &#1593;&#1606;&#1610; &#1576;&#1606;&#1588;&#1585;&#1607; &#1608;&#1578;&#1581;&#1602;&#1610;&#1602;&#1607; &#1608;&#1578;&#1593;&#1604;&#1610;&#1602; &#1581;&#1608;&#1575;&#1588;&#1607; &#1587;&#1575;&#1605;&#1610; &#1575;&#1604;&#1583;&#1607;&#1575;&#1606;.</subfield></datafield><datafield ind1="1" ind2=" " tag="880"><subfield code="6">246-03</subfield><subfield code="i">At head of title:</subfield><subfield code="a">&#1575;&#1604;&#1605;&#1593;&#1607;&#1583; &#1575;&#1604;&#1601;&#1585;&#1606;&#1587;&#1610; &#1576;&#1583;&#1605;&#1588;&#1602; &#1604;&#1604;&#1583;&#1585;&#1575;&#1587;&#1575;&#1578; &#1575;&#1604;&#1593;&#1585;&#1576;&#1610;&#1577;</subfield></datafield><datafield ind1=" " ind2=" " tag="880"><subfield code="6">260-04</subfield><subfield code="a">&#1583;&#1605;&#1588;&#1602;&#1548;</subfield><subfield code="c">1367&#1548; 1948.</subfield></datafield><datafield ind1=" " ind2=" " tag="959"><subfield code="a">NNU</subfield><subfield code="b">WEB</subfield><subfield code="c">GENI</subfield><subfield code="t">0</subfield><subfield code="m">Electronic access</subfield><subfield code="s">01</subfield></datafield><datafield ind1=" " ind2=" " tag="999"><subfield code="i">NNC_3063331</subfield><subfield code="o">(OCoLC)47758161</subfield><subfield code="e">OK</subfield><subfield code="s">columbia_aco000199</subfield></datafield></record>